@article{pneumonia,
  title={Pneumonia of unknown cause -- {China}},
  author={{World Health Organization}},
  year={2020},
  note={\url{https://www.who.int/csr/don/05-january-2020-pneumonia-of-unkown-cause-china/en/}. Accessed January 30, 2020.}
}

@article{kcdc,
  title={{Press release (in Korean)}},
  author={{Korea Centers for Disease Control and Prevention (KCDC)}},
  year={2020},
  note={\url{https://www.cdc.go.kr/board/board.es?mid=a20501000000&bid=0015#}. Accessed Jan 20 -- Mar 22, 2020.}
}

@article{kosis,
  title={Population by administrative division and gender {(in Korean)}},
  author={{Korean Statistical Information Service}},
  year={2020},
  note={\url{http://kosis.kr/statHtml/statHtml.do?orgId=101&tblId=DT_1B040A3}. Accessed Jan 20 -- Mar 16, 2020.}
}

@article{backer2020incubation,
  title={{Incubation period of 2019 novel coronavirus (2019-nCoV) infections among travellers from Wuhan, China, 20--28 January 2020}},
  author={Backer, Jantien A and Klinkenberg, Don and Wallinga, Jacco},
  journal={Eurosurveillance},
  volume={25},
  number={5},
  year={2020},
  publisher={European Centre for Disease Prevention and Control}
}

@article{fraser2007estimating,
  title={Estimating individual and household reproduction numbers in an emerging epidemic},
  author={Fraser, Christophe},
  journal={PloS one},
  volume={2},
  number={8},
  year={2007},
  publisher={Public Library of Science}
}

@article{science,
  title={{Coronavirus cases have dropped sharply in South Korea. Whatâ€™s the secret to its success?}},
  author={Normile, Dennis},
  year={2020},
  journal={Science},
  note={\url{https://www.sciencemag.org/news/2020/03/coronavirus-cases-have-dropped-sharply-south-korea-whats-secret-its-success}. Accessed Mar 21, 2020.}
}

@article{tempvar,
  title={{Temporal variation in transmission during the COVID-19 outbreak}},
  author={Abbott, Sam and Hellewell, Joel and Munday, James D and Chun, June Young and Thompson, Robin N and Bosse, Nikos I and Chan, Yung-Wai Desmond and Russell, Timothy W and Jarvis, Christopher I and {CMMID nCov working group} and Flasche, Stefan and Kucharski, Adam J and Eggo, Rosalind and Funk, Sebastian},
  year={2020},
  journal={Science},
  note={\url{https://cmmid.github.io/topics/covid19/current-patterns-transmission/global-time-varying-transmission.html}. Accessed Mar 21, 2020.}
}

@article{anderson2020will,
  title={{How will country-based mitigation measures influence the course of the COVID-19 epidemic?}},
  author={Anderson, Roy M and Heesterbeek, Hans and Klinkenberg, Don and Hollingsworth, T D{\'e}irdre},
  journal={The Lancet},
  year={2020},
  publisher={Elsevier}
}

@article{burkner2017brms,
  title={{brms: An R package for Bayesian multilevel models using Stan}},
  author={B{\"u}rkner, Paul-Christian and others},
  journal={Journal of statistical software},
  volume={80},
  number={1},
  pages={1--28},
  year={2017}
}

@article{fergusonimpact,
  title={{Impact of non-pharmaceutical interventions (NPIs) to reduce COVID-19 mortality and healthcare demand}},
  author={Ferguson, Neil M and Laydon, Daniel and Nedjati-Gilani, Gemma and Imai, Natsuko and Ainslie, Kylie and Baguelin, Marc and Bhatia, Sangeeta and Boonyasiri, Adhiratha and Cucunub{\'a}, Zulma and Cuomo-Dannenburg, Gina and others},
  note={\url{https://www.imperial.ac.uk/media/imperial-college/medicine/sph/ide/gida-fellowships/Imperial-College-COVID19-NPI-modelling-16-03-2020.pdf}. Accessed Mar 22, 2020.}
}

@misc{kickbusch2020response,
  title={Response to the emerging novel coronavirus outbreak},
  author={Kickbusch, Ilona and Leung, Gabriel},
  year={2020},
  journal={BMJ},
  volume={368},
  pages={m406},
  publisher={British Medical Journal Publishing Group}
}

@Misc{rstan,
    title = {{RStan}: the {R} interface to {Stan}},
    author = {{Stan Development Team}},
    note = {R package version 2.19.3},
    year = {2020},
    url = {http://mc-stan.org/},
  }

@article{gelman1992inference,
  title={Inference from iterative simulation using multiple sequences},
  author={Gelman, Andrew and Rubin, Donald B and others},
  journal={Statistical Science},
  volume={7},
  number={4},
  pages={457--472},
  year={1992},
  publisher={Institute of Mathematical Statistics}
}

@article{ganyani2020estimating,
  title={{Estimating the generation interval for COVID-19 based on symptom onset data}},
  author={Ganyani, Tapiwa and Kremer, Cecile and Chen, Dongxuan and Torneri, Andrea and Faes, Christel and Wallinga, Jacco and Hens, Niel},
  journal={medRxiv},
  year={2020},
  publisher={Cold Spring Harbor Laboratory Press}
}

@article{ferretti2020quantifying,
  title={{Quantifying dynamics of SARS-CoV-2 transmission suggests that epidemic control and avoidance is feasible through instantaneous digital contact tracing}},
  author={Ferretti, Luca and Wymant, Chris and Kendall, Michelle and Zhao, Lele and Nurtay, Anel and Bonsall, David G and Fraser, Christophe},
  journal={medRxiv},
  year={2020},
  publisher={Cold Spring Harbor Laboratory Press}
}

@article{tracingkorea,
  title={{Contact transmission of COVID-19 in South Korea: novel investigation techniques for tracing contacts}},
  author={{COVID-19 National Emergency Response Center, Epidemiology \& Case Management Team, Korea Centers for Disease Control \& Prevention}},
  journal={Osong Public Health and Research Perspectives},
  year={2020},
  volume={11},
  number={1},
  pages={60--63}
}

@article{thompson2019improved,
  title={Improved inference of time-varying reproduction numbers during infectious disease outbreaks},
  author={Thompson, RN and Stockwin, JE and van Gaalen, RD and Polonsky, JA and Kamvar, ZN and Demarsh, PA and Dahlqwist, E and Li, S and Miguel, Eve and Jombart, T and others},
  journal={Epidemics},
  volume={29},
  pages={100356},
  year={2019},
  publisher={Elsevier}
}

@article{lai2020effect,
  title={{Effect of non-pharmaceutical interventions for containing the COVID-19 outbreak in China}},
  author={Lai, Shengjie and Ruktanonchai, Nick W and Zhou, Liangcai and Prosper, Olivia and Luo, Wei and Floyd, Jessica R and Wesolowski, Amy and Santillana, Mauricio and Zhang, Chi and Du, Xiangjun and others},
  journal={medRxiv},
  year={2020},
  publisher={Cold Spring Harbor Laboratory Press}
}

